@book{boiko2005content,
	title={Content management bible},
	author={Boiko, Bob},
	year={2005},
	publisher={John Wiley \& Sons}
}

@article{abazi2008development,
	title={Development of a learning content management system},
	author={Abazi-Bexheti, Lejla},
	journal={WSEAS Transactions on Information Science and Applications},
	year={2008},
	publisher={World Scientific and Engineering Academy and Society (WSEAS) Stevens Point~â€¦}
}

@article{mooney2008extensible,
	title={Extensible open source content management systems and frameworks: a solution for many needs of a bioinformatics group},
	author={Mooney, Sean D and Baenziger, Peter H},
	journal={Briefings in bioinformatics},
	year={2008},
	publisher={Oxford University Press}
}

@inproceedings{brooks2006awareness,
	title={Awareness and collaboration in the ihelp courses content management system},
	author={Brooks, Christopher and Panesar, Rupi and Greer, Jim},
	booktitle={European Conference on Technology Enhanced Learning},
	year={2006},
	organization={Springer}
}

@article{michelinakis2004open,
	title={Open source content management systems: An argumentative approach},
	author={Michelinakis, Dimitrios},
	journal={The University of Warwick: Warwick Manufacturing Group, A report submitted for the award of MSc Electronic Business Management},
	year={2004},
	publisher={Citeseer}
}

@article{dobecki2010web,
	title={Web-based content management system},
	author={Dobecki, Maciej and Zabierowski, Wojciech},
	journal={International Journal of Computing},
	year={2010}
}

@article{singh2010mendeley,
	title={Mendeley: A free research management tool for desktop and web},
	author={Singh, Jatinder},
	journal={Journal of Pharmacology and Pharmacotherapeutics},
	year={2010},
	publisher={Medknow Publications and Media Pvt. Ltd.}
}

@article{eapen2006endnote,
	title={EndNote 7.0},
	author={Eapen, Bell},
	journal={Indian Journal of Dermatology, Venereology, and Leprology},
	year={2006},
	publisher={Medknow Publications and Media Pvt. Ltd.}
}

@techreport{grolimund2012citation,
	title={Citation and bibliography made easy with Zotero},
	author={Grolimund, Rapha{\"e}l},
	year={2012}
}

@inproceedings{beel2011docear,
	title={Docear: An academic literature suite for searching, organizing and creating academic literature},
	author={Beel, Joeran and Gipp, Bela and Langer, Stefan and Genzmehr, Marcel},
	booktitle={Proceedings of the 11th annual international ACM/IEEE joint conference on Digital libraries},
	year={2011}
}

@article{einstein,
  author    = "Albert Einstein",
  title     = "{Zur Elektrodynamik bewegter K{\"o}rper}. ({German})
            [{On} the electrodynamics of moving bodies]",
  journal   = "Annalen der Physik",
  volume    = "322",
  number    = "10",
  pages     = "891--921",
  year      = "1905",
  DOI       = "http://dx.doi.org/10.1002/andp.19053221004"
}

@book{latexcompanion,
  author    = "Michel Goossens and Frank Mittelbach and Alexander Samarin",
  title     = "The LaTeX Companion",
  year      = "1993",
  publisher = "Addison-Wesley",
  address   = "Reading, Massachusetts"
}

@online{knuthwebsite,
  author    = "Donald Knuth",
  title     = "Knuth: Computers and Typesetting",
  note      = "test"
}

@online{meinke,
  author    = "John Meinke",
  title     = "Manuscript Formatting"
}

@online{copyright,
  author    = "John Meinke",
  title     = "Copyright Release Form"
}

@inproceedings{maurer,
  author    = {Maurer, Frank},
  title     = {Agile Methods and Interaction Design: Friend or Foe?},
  booktitle = {Proceedings of the 1st ACM SIGCHI Symposium on Engineering Interactive Computing Systems},
  series    = {EICS '09},
  year      = {2009},
  isbn      = {978-1-60558-600-7},
  location  = {Pittsburgh, PA, USA},
  pages     = {209--210},
  numpages  = {2},
  url       = {http://doi.acm.org/10.1145/1570433.1570435},
  doi       = {10.1145/1570433.1570435},
  acmid     = {1570435},
  publisher = {ACM},
  address   = {New York, NY, USA},
  keywords  = {agile methods, interaction design},
}
